@article{giannone2015,
  title = {Prior Selection for Vector Autoregressions},
  author = {Giannone, Domenico and Lenza, Michele and Primiceri, Giorgio E.},
  journal = {Review of Economics and Statistics},
  volume = {97},
  number = {2},
  pages = {436--451},
  year = {2015},
  publisher = {MIT Press},
  doi = {10.1162/REST\_a\_00483}
}
