@article{mccracken2016,
  title = {FRED-MD: A Monthly Database for Macroeconomic Research},
  author = {McCracken, Michael W. and Ng, Serena},
  journal = {Journal of Business \& Economic Statistics},
  volume = {34},
  number = {4},
  pages = {574--589},
  year  = {2016},
  publisher = {Taylor \& Francis},
  doi = {10.1080/07350015.2015.1086655}
}
@article{stock2012,
  title = {Disentangling the Channels of the 2007-09 Recession},
  author = {Stock, James H. and Watson, Mark W.},
  journal = {Brookings Papers on Economic Activity},
  number = {1},
  pages = {81--135},
  year = {2012},
  publisher = {Brookings Institution Press},
  doi = {10.1353/eca.2012.0005}
}
@article{giannone2015,
  title = {Prior Selection for Vector Autoregressions},
  author = {Giannone, Domenico and Lenza, Michele and Primiceri, Giorgio E.},
  journal = {Review of Economics and Statistics},
  volume = {97},
  number = {2},
  pages = {436--451},
  year = {2015},
  publisher = {MIT Press},
  doi = {10.1162/REST\_a\_00483}
}
@article{rubio2010,
  title = {Structural Vector Autoregressions: Theory of Identification and Algorithms for Inference},
  author = {Rubio-Ramirez, Juan F. and Waggoner, Daniel F. and Zha, Tao},
  journal = {Review of Economic Studies},
  volume = {77},
  number = {2},
  pages = {665--696},
  year = {2010},
  publisher = {Wiley-Blackwell},
  doi = {10.1111/j.1467-937X.2009.00578.x}
}
