@article{fred2016,
  author = {Michael W. McCracken and Serena Ng},
  title = {FRED-MD: A Monthly Database for Macroeconomic Research},
  journal = {Journal of Business \& Economic Statistics},
  volume = {34},
  number = {4},
  pages = {574--589},
  year  = {2016},
  publisher = {Taylor \& Francis},
  doi = {10.1080/07350015.2015.1086655}
}
